

@Book{Blanchette:Qt,
  author = 	 {Jasmin Blanchette and Mark Summerfield},
  title = 	 {C++ GUI Programming with Qt 4},
  publisher = 	 {http://www.qtrac.eu/C++-GUI-Programming-with-Qt-4-1st-ed.zip},
  year = 	 {2006},
  OPTkey = 	 {},
  OPTvolume = 	 {},
  OPTnumber = 	 {},
  OPTseries = 	 {},
  OPTaddress = 	 {},
  OPTedition = 	 {},
  OPTmonth = 	 {},
  OPTnote = 	 {},
  OPTannote = 	 {}
}

@PHDTHESIS{Hallam:PHD-thesis,
   author = {J. Hallam},
   title = {Intelligent Automatic Interpretation of Active Marine Sonar},
   school = {University of Edinburgh},
   address = {Edinburgh},
   year = 1984,
   lang = {en}
}



@Article{Klinger,
  author = 	 {K. Klinger},
  title = 	 {Informationsverarbeitung durch Menschen},
  journal = 	 {NTZ},
  year = 	 {1998},
  volume = 	 {12},
  number = 	 {2},
  pages = 	 {73--82},
  lang  =        {de}
}


@Article{Kuc:2001:Forward:Model,
  author =       {R. Kuc},
  title =        {Forward Model for Sonar Maps Produced With the
                   Polaroid Ranging Module},
  journal =      {{IEEE} Trans. Robot. Automat.},
  year =         {2003},
  volume =       {19},
  number =       {2},
  pages =        {358 -- 362},
  month =        mar, 
  lang =         {en}
}


@InProceedings{Litwin:1972:InSb,
  author = 	 {A. Litwin and J. Kowalski and R. Nowak and J. Ziobro},
  title = 	 {Transport phenomena in \mbox{InSb} doped with 
                  various impurities},
  booktitle = {11 International Conference on the Physics of Semiconductors},
  pages = 	 {952 -- 957},
  year = 	 {1972},
  volume = 	 {2},
  address = 	 {Warszawa -- Poland},
  month = 	 {July 25 -- 29},
}



@InCollection{Michnikowski:2003:Informatyka,
  author = 	 {M. Michnikowski},
  title = 	 {Systemy wspomagania decyzji},
  booktitle = 	 {Informatyka medyczna},
  publisher = {PWN},
  year = 	 {2003},
  editor = 	 {R. Rudkowski},
  address = 	 {Warszawa},
}


@InBook{Spong:1989:Dynamika,
  author = 	 {M. W. Spong and M. Vidyasagar},
  title = 	 {Dynamika i sterowanie robotów},
  chapter = 	 {9},
  publisher = 	 {WNT},
  year = 	 {1989},
  address = {Warszawa},
  pages = 	 {266 -- 269}
}

@Book{Szabatin:2000:Sygnaly,
  author = 	 {J. Szabatin},
  title = 	 {Podstawy teorii sygna³ów},
  publisher = 	 {WK£},
  year = 	 {2000},
  address = {Warszawa},
}


@Book{Rudkowski:PracaZbiorowa,
  editor = 	 {R. Rudowski},
  title = 	 {Informatyka medyczna},
  publisher = 	 {PWN},
  year = 	 {2003},
  address = 	 {Warszawa}
}




@Misc{,
  OPTkey = 	 {},
  OPTauthor = 	 {},
  OPTtitle = 	 {},
  OPThowpublished = {},
  OPTmonth = 	 {},
  OPTyear = 	 {},
  OPTnote = 	 {},
  OPTannote = 	 {}
}

@Misc{HTTP4,
  author = 	 {AAMAS-04 Workshop},
  title = 	 {Modeling Others from Observations},
  howpublished = {http://www.cs.biu.ac.il/\~{}galk/moo2004/}
}


@Misc{AD1871,
  author = 	 {Analog Devices},
  title = 	 {AD1871 -- Stereo Audio},
  howpublished = {http://www.analog.com/en/prod/0,,760\_789\_AD1871\%2C00.html}
}


@Misc{HTTP1,
  author = 	 {AAMAS-04 Workshop},
  title = 	 {Modeling Others from Observations},
  howpublished = {http://www.cs.biu.ac.il/\~{}galk/moo2004/},
}


@Misc{HTTP2,
  author = 	 {UM Inc.},
  title = 	 {User Modeling and User Adapted Interaction},
  howpublished = {http://www.um.org/},
}




